<record><leader>00000cas a2200000 a 4500</leader><controlfield tag="001">2257475</controlfield><controlfield tag="008">760620d189u1952pauwr ne      0    0slo c</controlfield><datafield ind1=" " ind2=" " tag="010"><subfield code="a">sn 85054870 </subfield></datafield><datafield ind1=" " ind2=" " tag="040"><subfield code="a">PIT</subfield><subfield code="b">eng</subfield><subfield code="c">PIT</subfield><subfield code="d">NPH</subfield><subfield code="d">CRL</subfield><subfield code="d">YOX</subfield><subfield code="d">NVF</subfield><subfield code="d">CRL</subfield><subfield code="d">OCLCQ</subfield><subfield code="d">DLC</subfield><subfield code="d">KRTAS</subfield><subfield code="d">OCLCQ</subfield><subfield code="d">OCLCF</subfield><subfield code="d">OCLCO</subfield></datafield><datafield ind1="1" ind2=" " tag="029"><subfield code="a">AU@</subfield><subfield code="b">000041189205</subfield></datafield><datafield ind1="1" ind2=" " tag="041"><subfield code="a">sloukreng</subfield><subfield code="h">ukr</subfield></datafield><datafield ind1=" " ind2=" " tag="042"><subfield code="a">pcc</subfield></datafield><datafield ind1=" " ind2=" " tag="043"><subfield code="a">n-us---</subfield></datafield><datafield ind1="0" ind2="0" tag="050"><subfield code="a">Newspaper 9447</subfield></datafield><datafield ind1="0" ind2="0" tag="245"><subfield code="a">Amerikansky russky viestnik.</subfield></datafield><datafield ind1="3" ind2="1" tag="246"><subfield code="a">American Russian messenger</subfield><subfield code="f">&lt;Jan. 10, 1946&gt;-Dec. 4, 1952</subfield></datafield><datafield ind1=" " ind2=" " tag="250"><subfield code="a">[Slav. ed.].</subfield></datafield><datafield ind1=" " ind2=" " tag="260"><subfield code="a">Scranton, Pa. :</subfield><subfield code="b">Greek Catholic Union,</subfield><subfield code="c">-1952.</subfield></datafield><datafield ind1=" " ind2=" " tag="300"><subfield code="a">v. ;</subfield><subfield code="c">41-56 cm.</subfield></datafield><datafield ind1=" " ind2=" " tag="310"><subfield code="a">Weekly</subfield></datafield><datafield ind1="0" ind2=" " tag="362"><subfield code="a">-roc&#780;. 60, no. 48 (Dec. 4, 1952).</subfield></datafield><datafield ind1=" " ind2=" " tag="500"><subfield code="a">Published in New York, N.Y., &lt;July 14, 1904&gt;; in Pittsburgh, Pa., &lt;Jan. 17, 1907&gt;; in Homestead, Pa., &lt;Oct. 31, 1907&gt;-1952.</subfield></datafield><datafield ind1=" " ind2=" " tag="500"><subfield code="a">From &lt;1894&gt; to 1904, and from 1907 to 1926, issued as Slovak translation of Amerykanskii&#774; russkii&#774; vi&#770;stnyk.</subfield></datafield><datafield ind1=" " ind2=" " tag="500"><subfield code="a">Issues for Oct. 8, 1936-Nov. 25, 1937 include section: American Russian falcon; issues for Dec. 2, 1937-Dec. 4, 1952 include section: American Russian sokol.</subfield></datafield><datafield ind1=" " ind2=" " tag="530"><subfield code="a">Also issued on microfilm from the Library of Congress Photoduplication Service.</subfield></datafield><datafield ind1=" " ind2=" " tag="546"><subfield code="a">In Slovak, with parallel Ruthenian translations, 1904-1907; in Slovak, with articles in Ruthenian, &lt;1927-&gt; and English, &lt;1935&gt;.</subfield></datafield><datafield ind1=" " ind2=" " tag="550"><subfield code="a">Official organ of the Greek Catholic Union of the U.S.A.</subfield></datafield><datafield ind1=" " ind2=" " tag="580"><subfield code="a">Issued with Amerykanskii&#774; russkii &#774;vi&#770;stnyk, &lt;Jan. 2, 1894&gt;-Feb. 7, 1895.</subfield></datafield><datafield ind1=" " ind2=" " tag="588"><subfield code="a">Description based on: Roc&#780;. 3, c&#780;is. 1 (Jan. 2, 1894).</subfield></datafield><datafield ind1=" " ind2="0" tag="650"><subfield code="a">Slovak Americans</subfield><subfield code="v">Newspapers.</subfield></datafield><datafield ind1=" " ind2="0" tag="650"><subfield code="a">Ruthenians</subfield><subfield code="z">United States</subfield><subfield code="v">Newspapers.</subfield></datafield><datafield ind1=" " ind2="7" tag="655"><subfield code="a">Newspapers.</subfield><subfield code="2">fast</subfield><subfield code="0">(OCoLC)fst01423814</subfield></datafield><datafield ind1=" " ind2="7" tag="650"><subfield code="a">Ruthenians.</subfield><subfield code="2">fast</subfield><subfield code="0">(OCoLC)fst01102572</subfield></datafield><datafield ind1=" " ind2="7" tag="650"><subfield code="a">Slovak Americans.</subfield><subfield code="2">fast</subfield><subfield code="0">(OCoLC)fst01120985</subfield></datafield><datafield ind1=" " ind2="7" tag="651"><subfield code="a">United States.</subfield><subfield code="2">fast</subfield><subfield code="0">(OCoLC)fst01204155</subfield></datafield><datafield ind1="2" ind2=" " tag="710"><subfield code="a">Greek Catholic Union of the U.S.A.</subfield></datafield><datafield ind1="0" ind2="2" tag="730"><subfield code="a">American Russian sokol.</subfield></datafield><datafield ind1=" " ind2=" " tag="752"><subfield code="a">United States</subfield><subfield code="b">Pennsylvania</subfield><subfield code="c">Allegheny</subfield><subfield code="d">Homestead.</subfield></datafield><datafield ind1=" " ind2=" " tag="752"><subfield code="a">United States</subfield><subfield code="b">Pennsylvania</subfield><subfield code="c">Lackawanna</subfield><subfield code="d">Scranton.</subfield></datafield><datafield ind1=" " ind2=" " tag="752"><subfield code="a">United States</subfield><subfield code="b">New York</subfield><subfield code="c">New York</subfield><subfield code="d">New York.</subfield></datafield><datafield ind1=" " ind2=" " tag="752"><subfield code="a">United States</subfield><subfield code="b">Pennsylvania</subfield><subfield code="c">Allegheny</subfield><subfield code="d">Pittsburgh.</subfield></datafield><datafield ind1="0" ind2="5" tag="780"><subfield code="t">Amerikanskij russkij sokol Sojedinenija</subfield><subfield code="g">Aug. 13, 1936</subfield><subfield code="w">(DLC)sn 85054873</subfield><subfield code="w">(OCoLC)11826827</subfield></datafield><datafield ind1="0" ind2="0" tag="785"><subfield code="t">Greek Catholic Union messenger</subfield><subfield code="w">(DLC)sn 85054871</subfield><subfield code="w">(OCoLC)2778261</subfield></datafield><datafield ind1="1" ind2=" " tag="787"><subfield code="t">Amerykanskii&#774; russkii&#774; vi&#770;stnyk</subfield><subfield code="w">(DLC)sn 85054875</subfield><subfield code="w">(OCoLC)2257474</subfield></datafield><datafield ind1=" " ind2=" " tag="938"><subfield code="a">Kirtas Technologies, Inc.</subfield><subfield code="b">KRTS</subfield><subfield code="n">734145</subfield></datafield></record>